@book{rosa,
	author = {Rosa A. S. and M. Shalahuddin},
	title = {Rekayasa Perangkat Lunak Struktur dan Berorientasi Objek},
	year = {2014},
	publisher = {Informatika},
	address = {Bandung},
}

@article{anggraeni,
	author = {N. Anggraeni, E. Retnadi, and R. Kurniawati},
	title = {Jurnal Koperasi Simpan Pinjam},
	journal = {Sekolah Tinggi Teknologi garut, ISSN: 2302-7339},
	year = {2012},
}

@electronic{apjii,
	author={APJII},
	title={Survei Internet APJII 2016},
	url = {https://apjii.or.id},
	lastchecked = {2018-9-10},
	year = {2016},
}

@article{arora,
	author = {Ritika Arora and Neha Arora},
	title = {Analysis of SDLC Models},
	journal = {International Journal of Current Engineering and Technology, Vol.6, No.1 (Feb 2016) E-ISSN 2277 - 4106, P-ISSN 2347 - 5161},
	year = {2016},
}

@article{bhosale,
	author = {DR. S. T. Bhosale},
	title = {Spiral Model: Applications in Web based},
	journal = {IPASJ International Journal of Computer Science (IIJCS) Volume 2, Issue 6, June 2014 ISSN 2321-5992},
	year = {2014},
}

@book{darmawan,
	author = {D. Darmawan and K. N. Fauzi},
	title = {Sistem Informasi Manajemen},
	year = {2015},
	publisher = {PT Remaja Rosdakarya Offset},
	address = {Bandung},
}

@article{egwoh,
	author = {Abdullah Yusuf Egwoh and Ogwueleka Franciska Nonyelum},
	title = {A SOFTWARE SYSTEM DEVELOPMENT LIFE CYCLE MODEL FOR IMPROVED STUDENTS’ COMMUNICATION AND COLLABORATION},
	journal = {International Journal of Computer Science & Engineering Survey (IJCSES) Vol.8, No.4, August 2017},
	year = {2017},
}

@article{fergus,
	author = {Unu O. Fergus and V. Umeakuka Chinelo},
	title = {Object Oriented Programming (OOP) Approach To The Development Of Student Information Management System},
	journal = {India: International Journal Of Computer Application Technology and Research (IJARCSSE) Vol. 5 Issue. 8},
	year = {2016},
}

@article{henderi,
	author = {Maimunah Henderi and Randy Andrian},
	title = {Desain aplikasi E-Learning Sebagai Media Pembelajaran Artificial Informatics},
	journal = {Journal CCIT Vol-4 No.3 – Mei 2011 ISSN: 1978-8282 STMIK Raharja},
	year = {2011},
}

@article{isnardi,
	author = {Isnardi},
	title = {Monitoring Bus Trans Padang Berbasis Web},
	journal = {Jurnal J-Click Vol 3 No 2 Desember 2016 ISSN : 2355-7958 e-ISSN : 2541-2469},
	year = {2016},
}

@article{jayant,
	author = {K. P. Jayant, Renu Garg, and Prof Ajaya Rana},
	title = {An approach of design testing based on UML Diagram},
	journal = {India: International Journal of Advanced Research in Computer Science and Software Engineering (IJARCSSE) : February pp. 148153 ISSN: 2277128X Vol. 4 Issue. 2},
	year = {2014},
}

@article{adkopma,
	author = {Koperasi Mahasiswa Universitas Negeri Jakarta},
	title = {Anggaran Dasar Koperasi Mahasiswa Universitas Negeri Jakarta},
	year = {2016},
}

@article{artkopma,
	author = {Koperasi Mahasiswa Universitas Negeri Jakarta},
	title = {Anggaran Rumah Tangga Koperasi Mahasiswa Universitas Negeri Jakarta},
	year = {2016},
}

@electronic{kopma,
	author={Koperasi Mahasiswa Universitas Negeri Jakarta},
	title={Profile KOPMA UNJ},
	urldate = {2017-10-8},
	url = {https://websitekopmaunj.blogspot.com},
	lastchecked = {2018-9-8},
	year = {2017},
}

@article{kuswara,
	author = {Heri Kuswara and Deni Kusmara},
	title = {Sistem Informasi Absensi Siswa Berbasis Web Dengan SMS Gateway Pada Sekolah Menengah Kejuruan Al-Munir Bekasi},
	journal = {Indonesian Journal on Networking and Security. Vol.6 No.2:12-22},
	year = {2017},
}

@article{murad,
	author = {Murad, Dina Fitria, Nia Kusniawari, and Agus Asyanto},
	title = {Aplikasi Intelligence Website untuk Penunjang Laporan Paud pada Himpaudi Kota Tangerang},
	journal = {Jurnal CCIT ISSN:1978-8282 Vol. 7 No, 1 September 2013},
	year = {2013},
}

@article{nasaruddin,
	author = {Djafar Imran Nasaruddin and Samsie Indra},
	title = {Perancangan Sistem Informasi Supply Chain Management (SCM) Pada CV Rajawali Multi Niaga Makassar},
	journal = {Perancangan Sistem Informasi Supply Chain Management (SCM) Pada CV Rajawali Multi Niaga Makassar},
	year = {201..},
}

@article{nugraha,
	author = {F. Nugraha},
	title = {Analisa Perancangan Sistem Informasi Perpustakaan},
	journal = {Kudus: Jurnal Simetris Vol.5 No.1 Universitas Murja Kudus ISSN 2549-3108},
	year = {2014},
}

@article{panggabean,
	author = {Panggabean, Rio Andes Daniel, Edy Budiman, and Pohny},
	title = {Monitoring Kegiatan Kapal Pada Kantor Kesyahbandaran Dan Otoritas Pelabuhan Di Samarinda},
	journal = {Prosiding Seminar Ilmu Komputer dan Teknologi Informasi Vol.2 No.1.},
	year = {2017},
	url = {http://e-journals.unmul.ac.id/index.php/SAKTI/article/view/284/pdf},
	lastchecked = {2018-10-10},
}

@book{uu25,
	author = {Republik Indonesia},
	title = {Undang-undang No. 25 Tahun 1992 tentang Perkoperasian},
	year = {1992},
	publisher = {Sekretariat Negara},
	address = {Jakarta},
}

@book{uu10,
	author = {Republik Indonesia},
	title = {Undang-undang No. 10 Tahun 1998 tentang Perbankan Simpanan},
	year = {1998},
	publisher = {Sekretariat Negara},
	address = {Jakarta},
}

@book{uu17,
	author = {Republik Indonesia},
	title = {Undang-undang No. 17 Tahun 2012 tentang Perkoperasian},
	year = {2012},
	publisher = {Sekretariat Negara},
	address = {Jakarta},
}

@book{ropke,
	author = {Jochen Ropke},
	title = {Ekonomi Koperasi: Teori dan Manajemen},
	year = {2003},
	publisher = {Salmeba Empat},
	address = {Jakarta},
	translator = {Hj. Sri Djatnika S. Arifin},
}

@book{rusdiana,
	author = {Rusdiana and Moch Irfan},
	title = {Sistem Informasi Manajemen},
	year = {2014},
	publisher = {Pustaka Setia},
	address = {Bandung},
}

@book{rusdiana,
	author = {Arifin Sitio and Halomoan Tamba},
	title = {Koperasi: Teori dan Praktik},
	year = {2014},
	publisher = {Erlangga},
	address = {Jakarta},
}

@article{supriadi,
	author = {Supriadi, Rini Kartika Hudiono, and Lina Sinatra Wijaya},
	title = {Rancang Bangun Sistem Jejaring Klaster Berbasis Web Menggunakan Metode Model Controller},
	journal = {Jurnal CCIT. Vol.6 No.3:308-33},
	year = {2013},
}
