@report{Ahyar2020,
   author = {Hardani Ahyar and Dhika Juliana Sukmana},
   title = {Buku Metode Penelitian Kualitatif dan Kuantitatif},
   url = {https://www.researchgate.net/publication/340021548},
   year = {2020},
}
@article{Alshamrani2015,
   abstract = {The computer has become indispensable in today’s life, and it is widely used in many fields of life such as commerce, education, industry…etc. The computer saves time in regarding to help solving complex, long, repeated processes in a short time and high speed. As the software programs need to handle these features, many companies produce software programs to facilitate the works for administrations, banks, offices, etc. Moreover, software has been in used for analyzing information or solving problems for more than four decades. Creating a suitable work to develop programs of high quality is the main goal of the software engineering. Usually, clients seek the assistance from computer and software engineers to solve and handle their problems. There are various models have been widely in used to develop software products. Common models will be described in this paper.},
   author = {Adel Alshamrani and Abdullah Bahattab},
   issue = {1},
   journal = {IJCSI International Journal of Computer Science Issues},
   keywords = {a sequence of,all sdlc models that,have been suggested,iterative model,model,moreover,sdlc models,share basic properties,software engineering,spiral model,they all consist of,waterfall},
   pages = {106-111},
   title = {A Comparison Between Three SDLC Models Waterfall Model, Spiral Model, and Incremental/Iterative Model},
   volume = {12},
   url = {https://www.academia.edu/10793943/A_Comparison_Between_Three_SDLC_Models_Waterfall_Model_Spiral_Model_and_Incremental_Iterative_Model},
   year = {2015},
}
@article{FitriAndiniMedIrzal2017,
   abstract = {Abstrak Absensi menjadi faktor penting dalam aspek penilaian dalam suatu instansi. Proses absensi yang masih manual pada umumnya tidak efisien dan dapat membuang waktu. Data absensi menjadi tidak terstruktur dan sulit memantau jika terdapat masalah. Proses absensi manual dapat dikembangkan menjadi sistem absensi yang mudah digunakan kapan saja dan dimana saja (mobile). Aplikasi pada ponsel cerdas dapat digunakan sebagai sistem infromasi untuk absensi online dikarenakan smartphone sudah menjadi kebutuhan sekunder untuk setiap orang karena fungsinya yang jauh lebih praktis dan efisien. Pada skripsi ini, pengembangan sistem absensi online berbasis android dikembangkan dengan teori pengembangan perangkat lunak model spiral. Model spiral memiliki empat tahapan pengembangan yang diterapkan yaitu, tahapan komunikasi, tahapan perencanaan, tahapan pemodelan dan desain, tahapan konstruksi dan pembangunan. Sistem absensi online berbasis android berkaitan dengan simulasi sistem admin dan simulasi sistem pengisian KRS. Mahasiswa dapat absen secara online untuk menghasilkan output waktu pada saat absen dan dosen dapat memantau serta mengontrol proses absensi mahasiswa melalui aplikasi android},
   author = {Anantassa F. Andini and Med Irzal and Ria Arafiyah},
   issue = {1},
   journal = {Jurnal Ilmu Komputer dan Aplikasi},
   keywords = {Absensi,absen online,android,simulasi,spiral},
   pages = {1-10},
   title = {Perancangan Dan Implementasi Sistem Absensi Online Berbasis Andriod Di Lingkungan Universitas Negeri Jakarta},
   volume = {1},
   year = {2017},
}
@article{Arora2016,
   abstract = {Accepted 05 Feb 2016, Available online 09 Feb 2016, Vol.6, No.1 (Feb 2016) Abstract Software Development Life Cycle (SDLC) describes the activities performed at each stage of software development. Software Development did with utmost care and vigilance is bound to have bugs, limitations and errors because there is always a difference between what the users wanted, how the analyst interpreted, how it actually worked. It is the requirement of the design that has to be best suited by a SDLC .It is the job of the analyst to choose the right SDLC Model and implement it.},
   author = {Ritika Arora and Neha Arora},
   issue = {1},
   journal = {International Journal of Current Engineering and Technology},
   keywords = {Agile,Big Bang Model,Iterative,Lean,Prototype,RAD,SDLC,Spiral,Waterfall},
   pages = {2277-4106},
   title = {Analysis of SDLC Models},
   volume = {6},
   url = {http://inpressco.com/category/ijcet},
   year = {2016},
}
@article{Dora2013,
   author = {Sujit K. Dora and Pushkar Dubey},
   journal = {National Monthly Refereed Journal of Research in Science \& Technology},
   title = {Software Development Life Cycle (SDLC) Analytical Comparison And Survey On Traditional And Agile Methodology},
   year = {2013},
}
@book{Dunn2014,
   author = {William N. Dunn},
   city = {Harlow},
   publisher = {Pearson Education},
   title = {Public Policy Analysis},
   year = {2014},
}
@article{Fauziah2013,
   abstract = {Page 1. Aplikasi Iklan…(Yuli Fauziah) Aplikasi Iklan Baris Online menggunakan Arsitektur REST Web Service Yuli Fauziah Jurusan Teknik Informatika, UPN “Veteran” Yogyakarta Jln. Babarsari No. 2 Tambakbayan Yogyakarta e-mail: yuli.if@gmail.com Abstract …},
   author = {Yuli Fauziah},
   doi = {10.31315/telematika.v9i2.286},
   issn = {1829-667X},
   issue = {2},
   journal = {Telematika},
   keywords = {arsitecture,berbeda,berdomisili di tempat yang,bisnis dari aplikasi dan,client,dengan melakukan pertukaran dokumen,integrasi apabila terdiri dari,organisasi membutuhkan otomatisasi bisnis,para anggota yang,platform sistem yang berbeda,proses,rest,sebuah organisasi membutuhkan sebuah,server,web services},
   title = {Aplikasi Iklan Baris Online menggunakan Arsitektur REST Web Service},
   volume = {9},
   year = {2013},
}
@book{FMIPA2016,
   author = {FMIPA},
   title = {Buku Panduan Akademik 2016/2017},
   year = {2016},
}
@article{Fridayanthie2016,
   author = {Eka Wida Fridayanthie and Tias Mahdiati},
   issue = {2},
   journal = {Jurnal Khatulistiwa Informatika},
   keywords = {business applications,information systems,sales activities},
   pages = {2},
   title = {Rancang Bangun Sistme Informasi permintaan ATK Berbasis Intranet (Studi Kasus: Kejaksana Negeri Rangkasbitung)},
   volume = {IV},
   url = {www.iranesrd.com},
   year = {2016},
}
@book{Hutahaean2015,
   author = {Jeperson Hutahaean},
   isbn = {9786022803683},
   publisher = {Deepublish},
   title = {Konsep sistem informasi},
   year = {2015},
}
@book{Jogiyanto2005,
   author = {Hartono Jogiyanto},
   city = {Yogyakarta},
   note = {OPAC},
   publisher = {Andi},
   title = {Analisi dan Desain: Sistem Informasi: Pendekatan Terstruktur Teori dan Praktik Aplikasi Bisnis},
   year = {2005},
}
@generic{Kemendikbud2020,
   author = {Kemendikbud},
   title = {Permendikbud No 3 Tahun 2020},
   year = {2020},
}
@book{Kroenke2009,
   author = {David M. Kroenke and Randall J Boyle},
   city = {New Jersey},
   note = {Opac},
   publisher = {Pearson Prentice Hall},
   title = {Using MIS},
   year = {2009},
}
@thesis{Kultsum2021,
   author = {Ummu Kultsum},
   institution = {Universitas Negeri Jakarta},
   title = {Rancang Bangun Sistem Presensi Akademik Berbasis Web Dengan Framework Laravel Di Lingkungan Program Studi Ilmu Komputer Universitas Negeri Jakarta},
   year = {2021},
}
@book{Ladjamudin2005,
   author = {Al-Bahra bin Ladjamudin},
   city = {Yogyakarta},
   note = {OPAC},
   publisher = {Graha Ilmu},
   title = {Analisis dan Desain Sistem Informasi},
   year = {2005},
}
@book{Pressman2010,
   author = {Roger S Pressman},
   city = {New York},
   doi = {10.1002/9781118830208},
   isbn = {9781118830208},
   journal = {Software Quality Engineering: A Practitioner's Approach},
   publisher = {McGraw-Hill Education},
   title = {Software Quality Engineering: A Practitioner's Approach},
   year = {2010},
}
@book{Raharjo2011,
   author = {Budi Raharjo},
   city = {Bandung},
   note = {OPAC},
   publisher = {Informatika},
   title = {Belajar Otodidak Membuat Database Menggunakan Mysql},
   year = {2011},
}
@book{Romney2009,
   author = {Marshall B. Romney and Paul J. Steinbart},
   city = {New Jersey},
   note = {Opac},
   publisher = {Pearson Education},
   title = {Accounting Information Systems},
   year = {2009},
}
@article{Sudrajat2014,
   abstract = {People's Business Credit Application System Development in PT. BPR Nusamba Tanjungsari, its data processing still make use of Microsoft Excel or semi EDP (Electronic Data Processing) and not available file reports on a running system. The author also tries to make a credit application system using Delphi7 programming language that can generate a report file. The examines the system uses descriptive method and develop the waterfall method. The credit information system maybe one solution that can be used to facilitate the submission of the data processing system of credit reports credit transaction becomes easier,},
   author = {M. Sudrajat and J. Sudrajat},
   issue = {2},
   journal = {Jurnal Computech \& Bisnis},
   keywords = {credit application system},
   pages = {80-91},
   title = {Pengembangan Sistem Informasi Kredit Usaha Rakyat Di PT. Bpr Nusamba Tanjungsari},
   volume = {8},
   year = {2014},
}
@article{Suendri2018,
   abstract = {Kinerja dosen dalam kurun waktu tertentu dihitung berdasarkan bukti kerja yang dikumpulkan dan dihitung oleh pihak yang telah diberikan wewenang, jika bukti kerja telah memenuhi ketentuan yang ditetapkan maka akan diberikan tunjangan berdasarkan bukti kerja tersebut. Konsep ini di UIN Sumatera Utara disebut dengan istilah remunerasi. Proses perhitungan remunerasi dilakukan pada akhir semester yang dilakukan oleh lembaga yang telah ditunjuk dengan bantuan seorang Asesor. Komputerisasi pada proses perhitungan nilai remunerasi merupakan yang tidak dapat dihindarkan, agar tidak terjadi kesalahan perhitungan yang mengakibatkan kerugian pada pihak penerima remunerasi. Untuk merancang sebuah sistem informasi yang baik diperlukan pemodelan terlebih dahulu agar pada perancangan sistem terarah sesuai model yang telah dirancang. Unified Modelling Language (UML) merupakan bahasa pemodelan perangkat lunak atau sistem dengan konsep pemrograman berorientasi objek yang dapat analisa dan menjabarkan secara rinci apa yang diperlukan oleh sistem. Sedangkan database Oracle merupakan sebuah produk database yang ciptakan oleh Oracle Corporation yang mempunyai kemampuan proses dan performa yang tinggi. Hasil penelitian ini diharapkan terciptanya sebuah blueprint model perancangan sistem informasi remunerasi dosen UIN Sumatera Utara Medan.},
   author = {Suendri},
   issue = {1},
   journal = {Jurnal Ilmu Komputer dan Informatika},
   keywords = {database,modeling,oracle,remuneration,uml},
   pages = {1-9},
   title = {Implementasi Diagram UML (Unified Modelling Language) Pada Perancangan Sistem Informasi Remunerasi Dosen Dengan Database Oracle (Studi Kasus: UIN Sumatera Utara Medan)},
   volume = {3},
   url = {http://jurnal.uinsu.ac.id/index.php/algoritma/article/download/3148/1871},
   year = {2018},
}
@book{Susanto2017,
   author = {Azhar Susanto},
   city = {Bandung},
   publisher = {Lingga Jaya},
   title = {Sistem Informasi Akuntansi: Pemahaman Konsep Secara Terpadu},
   year = {2017},
}
@statute{Undang-UndangRepublikIndonesia2012,
   author = {Undang-Undang Republik Indonesia},
   title = {Undang-Undang Republik Indonesia Nomor 12 Tahun 2012},
   year = {2012},
}
@book{Wahli2006,
   author = {Ueli Wahli and Owen Burroughs and Owen Cline and Alec Go and Larry Tung},
   isbn = {0738494909},
   journal = {IBM},
   keywords = {developerWorks ClearCase Cloudscape CICS DB2 IMS R},
   pages = {810},
   title = {Web Services handbook for WebSphere Application Server Version 6.1},
   year = {2006},
}
@article{Widoyoko,
   author = {Eko Widoyoko},
   issn = {0216-1370},
   journal = {umpwr.ac.id},
   title = {Evaluasi Program Pembelajaran},
   year = {2009},
}
@book{Wirawan2011,
   author = {Wirawan},
   city = {Jakarta},
   note = {OPAC},
   publisher = {Rajawali Press},
   title = {Evaluasi : teori, model, standar, aplikasi, dan profesi},
   year = {2011},
}
@book{Uno2017,
   author = {H. B. Uno and N. Mohammad},
   city = {Jakarta},
   publisher = {Sinar Grafika},
   title = {Belajar dengan pendekatan PAILKEM},
   year = {2017},
}
